
@article{NeymanPearson33,
  author  = {Neyman, J. and Pearson, E. S.},
  title   = {On the problem of the most efficient tests of statistical hypotheses},
  journal = {Philosophical Transactions of the Royal Society of London, Series A},
  year    = {1933},
  volume  = {231},
  number  = {694--706},
  pages   = {289--337}
}

@book{Strobl2024,
  title     = {Simulationsstudien in {R}: {D}esign und praktische {D}urchf{\"u}hrung},
  author    = {Strobl, C. and Henninger, M. and Rothacher, Y. and Debelak, R.},
  year      = {2024},
  publisher = {Springer}
}

@article{Wickelmaier22,
  author  = {Wickelmaier, F.},
  title   = {Simulating the power of statistical tests: A collection of {R} examples},
  journal = {ArXiv},
  year    = {2022},
  doi     = {10.48550/arXiv.2110.09836}
}

@book{Wickham2019first,
  author    = {Wickham, H.},
  year      = {2019},
  title     = {Advanced {R}},
  edition   = {First edition},
  publisher = {CRC press},
  url       = {http://adv-r.had.co.nz/}
}

